@book{watson1995treatise,
  title={A Treatise on the Theory of Bessel Functions},
  author={Watson, G.N.},
  isbn={9780521483919},
  lccn={96139881},
  series={Cambridge Mathematical Library},
  year={1995},
  publisher={Cambridge University Press}
}

@book{arfken2001mathematical,
  title={Mathematical Methods for Physicists},
  author={Arfken, G.B. and Weber, H.J.},
  isbn={9780120598250},
  lccn={lc94024911},
  series={Academic Press},
  year={2001},
  publisher={Harcourt/Academic Press}
}

@article{golubovic2012efficient,
  title={Efficient algorithms for computing {S}ommerfeld integral tails},
  author={Golubovic, Ruzica and Polimeridis, Athanasios G and Mosig, Juan R},
  journal={IEEE Transactions on Antennas and Propagation},
  volume={60},
  number={5},
  pages={2409--2417},
  year={2012},
  publisher={IEEE}
}

@article{michalski2016efficient,
  title={Efficient computation of {S}ommerfeld integral tails--methods and algorithms},
  author={Michalski, Krzysztof A and Mosig, Juan R},
  journal={Journal of Electromagnetic Waves and Applications},
  volume={30},
  number={3},
  pages={281--317},
  year={2016},
  publisher={Taylor \& Francis}
}
